@misc{krzeminski_zhang_2020,
  title     = {Integration of information in the perceptual decision making task},
  url       = {osf.io/4dn65},
  doi       = {10.17605/OSF.IO/4DN65},
  publisher = {OSF},
  author    = {Krzeminski, Dominik and Zhang, Jiaxiang},
  year      = {2020},
  month     = {Aug}
}
@article{Krzeminski2021,
  author = {Dominik Krzeminski and Jiaxiang Zhang},
  title  = {{2D random dot motion discrimination task}},
  year   = {2021},
  month  = {1},
  url    = {https://figshare.com/articles/dataset/2D_random_dot_motion_discrimination_task/13567916},
  doi    = {10.6084/m9.figshare.13567916.v1}
}